<record><leader>00000cas a2200000 a 4500</leader><controlfield tag="001">25857994</controlfield><controlfield tag="008">920521d18861904ncuwn ne      0   a0eng d</controlfield><datafield ind1=" " ind2=" " tag="010"><subfield code="a">sn 92073049 </subfield></datafield><datafield ind1=" " ind2=" " tag="040"><subfield code="a">NVJ</subfield><subfield code="b">eng</subfield><subfield code="c">NVJ</subfield><subfield code="d">FUG</subfield><subfield code="d">OCLCQ</subfield><subfield code="d">NOC</subfield><subfield code="d">DLC</subfield><subfield code="d">OCLCF</subfield></datafield><datafield ind1="0" ind2=" " tag="022"><subfield code="a">2376-0087</subfield><subfield code="2">1</subfield></datafield><datafield ind1=" " ind2=" " tag="042"><subfield code="a">msc</subfield><subfield code="a">nsdp</subfield></datafield><datafield ind1=" " ind2=" " tag="043"><subfield code="a">n-us-nc</subfield></datafield><datafield ind1="0" ind2="0" tag="050"><subfield code="a">Newspaper</subfield></datafield><datafield ind1="0" ind2="0" tag="082"><subfield code="a">071</subfield><subfield code="2">23</subfield></datafield><datafield ind1="0" ind2=" " tag="130"><subfield code="a">Progressive farmer (Winston, N.C.)</subfield></datafield><datafield ind1=" " ind2="4" tag="222"><subfield code="a">The progressive farmer</subfield><subfield code="b">(Winston, N.C. Print)</subfield></datafield><datafield ind1="1" ind2="4" tag="245"><subfield code="a">The progressive farmer.</subfield></datafield><datafield ind1=" " ind2=" " tag="260"><subfield code="a">Winston, N.C. :</subfield><subfield code="b">L.L. Polk</subfield></datafield><datafield ind1=" " ind2=" " tag="300"><subfield code="a">v.</subfield></datafield><datafield ind1=" " ind2=" " tag="310"><subfield code="a">Weekly (except Christmas)</subfield></datafield><datafield ind1="0" ind2=" " tag="362"><subfield code="a">Vol. 1, no. 1 (Feb. 10, 1886)-v. 19, no. 32 (Sept. 20, 1904).</subfield></datafield><datafield ind1=" " ind2=" " tag="500"><subfield code="a">Published in Raleigh, N.C., Apr. 14, 1887-</subfield></datafield><datafield ind1=" " ind2=" " tag="530"><subfield code="a">Archived issues are available in digital format from the Library of Congress Chronicling America online collection.</subfield></datafield><datafield ind1=" " ind2=" " tag="550"><subfield code="a">Official organ of the N.C. Farmers' State Alliance.</subfield></datafield><datafield ind1=" " ind2="0" tag="651"><subfield code="a">Winston (N.C.)</subfield><subfield code="v">Newspapers.</subfield></datafield><datafield ind1=" " ind2="0" tag="651"><subfield code="a">Raleigh (N.C.)</subfield><subfield code="v">Newspapers.</subfield></datafield><datafield ind1=" " ind2="7" tag="651"><subfield code="a">North Carolina</subfield><subfield code="z">Raleigh.</subfield><subfield code="2">fast</subfield><subfield code="0">(OCoLC)fst01206341</subfield></datafield><datafield ind1=" " ind2="7" tag="651"><subfield code="a">North Carolina</subfield><subfield code="z">Winston-Salem.</subfield><subfield code="2">fast</subfield><subfield code="0">(OCoLC)fst01206125</subfield></datafield><datafield ind1=" " ind2="7" tag="655"><subfield code="a">Newspapers.</subfield><subfield code="2">fast</subfield><subfield code="0">(OCoLC)fst01423814</subfield></datafield><datafield ind1=" " ind2=" " tag="752"><subfield code="a">United States</subfield><subfield code="b">North Carolina</subfield><subfield code="c">Wake</subfield><subfield code="d">Raleigh.</subfield></datafield><datafield ind1=" " ind2=" " tag="752"><subfield code="a">United States</subfield><subfield code="b">North Carolina</subfield><subfield code="c">Forsyth</subfield><subfield code="d">Winston-Salem.</subfield></datafield><datafield ind1=" " ind2=" " tag="752"><subfield code="a">United States</subfield><subfield code="b">North Carolina</subfield><subfield code="c">Forsyth</subfield><subfield code="d">Winston.</subfield></datafield><datafield ind1="0" ind2="8" tag="776"><subfield code="i">Online version:</subfield><subfield code="t">Progressive farmer (Winston, N.C.)</subfield><subfield code="x">2376-0095</subfield><subfield code="w">(DLC)  2014218737</subfield><subfield code="w">(OCoLC)895025932</subfield></datafield><datafield ind1="0" ind2="7" tag="785"><subfield code="t">Cotton plant (Greenville, S.C.)</subfield><subfield code="w">(DLC)sn 96027442</subfield><subfield code="w">(OCoLC)35091225</subfield></datafield><datafield ind1="0" ind2="7" tag="785"><subfield code="t">Progressive farmer and the cotton plant (Raleigh, N.C.)</subfield><subfield code="x">2376-0117</subfield><subfield code="w">(DLC)sn 92073050</subfield><subfield code="w">(OCoLC)25858005</subfield></datafield><datafield ind1="4" ind2="1" tag="856"><subfield code="u">http://www.loc.gov/chroniclingamerica/lccn/sn92073049/issues</subfield></datafield></record>